@book{lamport94,
    author    = "Leslie Lamport",
    title     = "{\LaTeX: A Document Preparation System}",
    year      = "1994",
    publisher = "Addison-Wesley",
    edition = "2nd",
    address   = "Reading, Massachusetts"
}

@inproceedings{dca,
  author = "Cheng-Chieh Huang, Vijay Nagarajan, Arpit Joshi",
  title = "DCA: a DRAM-cache-aware DRAM controller",
  month = "November.",
  year = "2016",
  booktitle = "Proceedings of the International Conference for High Performance Computing, Networking, Storage and Analysis"
}

@article{gem5-gpu,
    title = "gem5-gpu: A Heterogeneous CPU-GPU Simulator",
    author = "Power, Jason and Hestness, Joel and Orr, Marc and Hill, Mark and Wood, David",
    journal = "Computer Architecture Letters",
    volume = "13",
    number = "1",
    month = "Jan",
    year = "2014",
    publisher = "IEEE",
    url = "http://gem5-gpu.cs.wisc.edu",
    keywords = "Modeling techniques;general-purpose graphics processors;heterogeneous (hybrid) systems;simulators",
    doi = "10.1109/LCA.2014.2299539",
    ISSN = "1556-6056"
}

@inproceedings{rodinia,
 author = "Che, Shuai and Boyer, Michael and Meng, Jiayuan and Tarjan, David and Sheaffer, Jeremy W. and Lee, Sang-Ha and Skadron, Kevin",
 title = "Rodinia: A Benchmark Suite for Heterogeneous Computing",
 booktitle = "Proceedings of the 2009 IEEE International Symposium on Workload Characterization (IISWC)",
 series = "IISWC '09",
 year = "2009",
 isbn = "978-1-4244-5156-2",
 pages = "44--54",
 numpages = "11",
 url = "http://dx.doi.org/10.1109/IISWC.2009.5306797",
 doi = "10.1109/IISWC.2009.5306797",
 acmid = "1680782",
 publisher = "IEEE Computer Society",
 address = "Washington, DC, USA",
} 

@misc{inteliris,
title = "Intel Graphics OpenCL",
howpublished = "\url{https://software.intel.com/en-us/node/540387}"
}

